<record><leader>00000cas a22000007a 4500</leader><controlfield tag="001">13403191</controlfield><controlfield tag="008">860407d19161917mtuwr ne      0    0nor d</controlfield><datafield ind1=" " ind2=" " tag="010"><subfield code="a">sn 86086436 </subfield></datafield><datafield ind1=" " ind2=" " tag="040"><subfield code="a">NPV</subfield><subfield code="b">eng</subfield><subfield code="c">NPV</subfield><subfield code="d">OCLCQ</subfield></datafield><datafield ind1=" " ind2=" " tag="042"><subfield code="a">msc</subfield></datafield><datafield ind1=" " ind2=" " tag="045"><subfield code="a">x1x1</subfield></datafield><datafield ind1="0" ind2="0" tag="245"><subfield code="a">Indland posten.</subfield></datafield><datafield ind1="1" ind2="3" tag="246"><subfield code="a">Norwegian inland post</subfield></datafield><datafield ind1=" " ind2=" " tag="260"><subfield code="a">Great Falls, Mont. :</subfield><subfield code="b">Norwegian Press Co.,</subfield><subfield code="c">1916-</subfield></datafield><datafield ind1=" " ind2=" " tag="300"><subfield code="a">v.</subfield></datafield><datafield ind1=" " ind2=" " tag="310"><subfield code="a">Weekly</subfield></datafield><datafield ind1="0" ind2=" " tag="362"><subfield code="a">No. 12 [i.e. 13], 2 aarg. (21de April 1916)-</subfield></datafield><datafield ind1="1" ind2=" " tag="362"><subfield code="a">Ceased in 1917?</subfield><subfield code="z">Cf. Hovde, O.M. and E.M. Henzler. Norwegian-American newspapers in Luther College Library.</subfield></datafield><datafield ind1=" " ind2=" " tag="500"><subfield code="a">Parallel title: Norwegian inland post, &lt;Nov. 15, 1916&gt;-&lt;April 25, 1917&gt;.</subfield></datafield><datafield ind1=" " ind2=" " tag="500"><subfield code="a">Published in Great Falls, Mont., April 21-&lt;July 7, 1916&gt;; in Fairfield, Teton County, Mont., &lt;Nov. 15, 1916&gt;-&lt;April 25, 1917&gt;.</subfield></datafield><datafield ind1=" " ind2=" " tag="500"><subfield code="a">Editor: H. Schmidt, April 21, 1916-&lt;April 25, 1917&gt;.</subfield></datafield><datafield ind1=" " ind2=" " tag="521"><subfield code="a">"Norwegian-American." Cf. Hovde, O.M. and E.M. Henzler. Norwegian-American newspapers in Luther College Library.</subfield></datafield><datafield ind1=" " ind2=" " tag="752"><subfield code="a">United States</subfield><subfield code="b">Montana</subfield><subfield code="c">Cascade</subfield><subfield code="d">Great Falls.</subfield></datafield><datafield ind1=" " ind2=" " tag="752"><subfield code="a">United States</subfield><subfield code="b">Montana</subfield><subfield code="c">Teton</subfield><subfield code="d">Fairfield.</subfield></datafield><datafield ind1="0" ind2="0" tag="780"><subfield code="t">Indlandsposten</subfield><subfield code="w">(DLC)sn 84036126</subfield></datafield><datafield ind1="1" ind2=" " tag="029"><subfield code="a">AU@</subfield><subfield code="b">000025828858</subfield></datafield></record>